@book{witelski2015methods,
  title={Methods of mathematical modelling},
  author={Witelski, Thomas and Bowen, Mark},
  year={2015},
  publisher={Springer}
}

@book{num3burger,
	title={Análisis Numérico III},
	author={Bürger, Raimund},
	year={2022},
	publisher={Centro de Investigaci\'on en Ingenier\'ia Matem\'atica (CI$^2$MA), Universidad de Concepci\'on}
 }

 @book{EDPburger,
	title={Ecuaciones Diferenciales Parciales},
	author={Bürger, Raimund},
	year={2021},
	publisher={Centro de Investigaci\'on en Ingenier\'ia Matem\'atica (CI$^2$MA), Universidad de Concepci\'on}
 }

 @book{EDIIburger,
	title={Ecuaciones Diferenciales II},
	author={Bürger, Raimund},
	year={2023},
	publisher={Centro de Investigaci\'on en Ingenier\'ia Matem\'atica (CI$^2$MA), Universidad de Concepci\'on}
 }

@misc{myint2007linear,
  title={Linear partial differential equations for scientists and engineers},
  author={Myint-U, Tyn},
  year={2007},
  publisher={Birkh{\"a}user}
}

@article{boffi_2010,
	title={Finite element approximation of eigenvalue problems},
	volume={19},
	DOI={10.1017/S0962492910000012}, 
	journal={Acta Numerica}, 
	publisher={Cambridge University Press}, 
	author={Boffi, Daniele}, 
	year={2010}, 
	pages={1–120}
	}